% This file was created with JabRef 2.8.1.
% Encoding: Cp1252

@ARTICLE{Burden2013,
  author = {{Burden}, S. and {Gonzalez}, H. and {Vasudevan}, R. and {Bajcsy},
	R. and {Shankar Sastry}, S.},
  title = {{Metrization and Simulation of Controlled Hybrid Systems}},
  journal = {ArXiv e-prints},
  year = {2013},
  month = feb,
  adsnote = {Provided by the SAO/NASA Astrophysics Data System},
  adsurl = {http://adsabs.harvard.edu/abs/2013arXiv1302.4402B},
  archiveprefix = {arXiv},
  eprint = {1302.4402},
  keywords = {Mathematics - Optimization and Control},
  owner = {Shankar},
  primaryclass = {math.OC},
  timestamp = {2015.09.19}
}

@ARTICLE{Henrion2014,
  author = {Henrion, Didier and Korda, Milan},
  title = {Convex computation of the region of attraction of polynomial control
	systems},
  journal = {Automatic Control, IEEE Transactions on},
  year = {2014},
  volume = {59},
  pages = {297--312},
  number = {2},
  owner = {Shankar},
  publisher = {IEEE},
  timestamp = {2015.09.19}
}

@INPROCEEDINGS{Shia2014,
  author = {Shia, Victor and Vasudevan, Ram and Bajcsy, Ruzena and Tedrake, Russ},
  title = {Convex computation of the reachable set for controlled polynomial
	hybrid systems},
  booktitle = {Decision and Control (CDC), 2014 IEEE 53rd Annual Conference on},
  year = {2014},
  pages = {1499--1506},
  organization = {IEEE},
  owner = {Shankar},
  timestamp = {2015.09.19}
}

@comment{jabref-meta: selector_review:}

@comment{jabref-meta: selector_publisher:}

@comment{jabref-meta: selector_author:}

@comment{jabref-meta: selector_journal:}

@comment{jabref-meta: selector_keywords:}

